@misc{Top500,
  url = {http://www.top500.org/list/2014/06/},
  author = {Meueur, Hans and Strohmaier, Erich and Dongarra, Jack and Simon, Horst},
  title = {{Top 500 Report}},
  urldate = {2014-06},
  year = {2014}
}
@misc{ECMWF,
  key = {IBM Supercomputers at ECMWF},
  note= {Available at \url{http://www.ecmwf.int/services/computing/overview/ibm_cluster.html} (April 2014)},
  title = {{IBM Supercomputer at ECMWF}}
}
@incollection{MachenhauerFV,
  author      = "Machenhauer, B. and Kaas, E. and Lauritzen, P.H.",
  title       = "Finite-Volume Methods in Meteorogoly",
  editor      = "Ciarlet, Philippe G. and Temam, Roger and Tribbia, Joseph J.",
  booktitle   = "Computational Methods for the Atmosphere and the Oceans",
  publisher   = "Elsevier",
  year        = 2009,
}
@article{Rancic1992,
  title={Semi-Lagrangian piecewise biparabolic scheme for two-dimensional
    horizontal advection of a passive scalar},
  author={Ran\v{c}i\'{c}, Miodrag},
  journal={Monthly weather review},
  volume={120},
  number={7},
  pages={1394--1406},
  year={1992}
}
@article{Rancic1996,
  title={A global shallow-water model using an expanded spherical cube:
    Gnomonic versus conformal coordinates},
  author={Ran{\v{c}}i{\'c}, M. and Purser, R. J. and Mesinger, F.},
  journal={Quarterly Journal of the Royal Meteorological Society},
  volume={122},
  number={532},
  pages={959--982},
  year={1996},
  publisher={Wiley Online Library}
}

@article{Qaddouri2011,
  title={The Canadian Global Environmental Multiscale model on the Yin-Yang grid system},
  author={Qaddouri, Abdessamad and Lee, Vivian},
  journal={Quarterly Journal of the Royal Meteorological Society},
  volume={137},
  number={660},
  pages={1913--1926},
  year={2011},
  publisher={Wiley Online Library}
}

@article{Jockel2001,
author = {J\"{o}ckel, P.},
file = {:space/praga/Dropbox/data/articles/PhD/49712757318\_ftp.pdf:pdf},
journal = {Quarterly Journal of \ldots},
keywords = {3-d model tracer transport,flux-form advection mass-wind inconsistency},
pages = {1035--1052},
title = {{On a fundamental problem in implementing flux-form advection schemes
  for tracer transport in 3-dimensional general circulation and chemistry transport models}},
url = {http://onlinelibrary.wiley.com/doi/10.1002/qj.49712757318/full},
year = {2001}
}
